@article{langford2011vowpal,
	title={Vowpal wabbit},
	author={Langford, John and Li, L and Strehl, A},
	journal={\url{https://github.com/JohnLangford/vowpal\_wabbit/wiki}},
	year={2011}
}

@article{blei2003latent,
	title={Latent dirichlet allocation},
	author={Blei, David M and Ng, Andrew Y and Jordan, Michael I},
	journal={the Journal of machine Learning research},
	volume={3},
	pages={993--1022},
	year={2003},
	publisher={JMLR. org}
}